@article{2014,
      title={Scattering Amplitudes}, 
      author={Henriette Elvang and Yu-tin Huang},
      year={2014},
      month={Apr},
      eprint={1308.1697},
      archivePrefix={arXiv},
      primaryClass={hep-th}
}

@article{1997,
   title={One-loop self-dual and N = 4 super Yang-Mills},
   volume={394},
   ISSN={0370-2693},
   url={http://dx.doi.org/10.1016/S0370-2693(96)01676-0},
   DOI={10.1016/s0370-2693(96)01676-0},
   number={1-2},
   journal={Physics Letters B},
   publisher={Elsevier BV},
   author={Bern, Zvi and Dixon, Lance and Dunbar, David C. and Kosower, David A.},
   year={1997},
   month={Feb},
   pages={105–115},
   eprint={hep-th/9611127},
   archivePrefix={arXiv}
}

@article{2000,
   title={A two-loop four-gluon helicity amplitude in QCD},
   volume={2000},
   ISSN={1029-8479},
   url={http://dx.doi.org/10.1088/1126-6708/2000/01/027},
   DOI={10.1088/1126-6708/2000/01/027},
   number={01},
   journal={Journal of High Energy Physics},
   publisher={Springer Science and Business Media LLC},
   author={Bern, Zvi and Dixon, Lance and Kosower, David A},
   year={2000},
   month={Jan},
   pages={027–027},
   eprint={hep-ph/0001001},
   archivePrefix={arXiv}
}

@article{2013,
   title={A two-loop five-gluon helicity amplitude in QCD},
   volume={2013},
   ISSN={1029-8479},
   url={http://dx.doi.org/10.1007/JHEP12(2013)045},
   DOI={10.1007/jhep12(2013)045},
   number={12},
   journal={Journal of High Energy Physics},
   publisher={Springer Science and Business Media LLC},
   author={Badger, Simon and Frellesvig, Hjalte and Zhang, Yang},
   year={2013},
   month={Dec},
   eprint={1310.1051},
   archivePrefix={arXiv}
}

@article{2016,
   title={Analytic Form of the Two-Loop Planar Five-Gluon All-Plus-Helicity Amplitude in QCD},
   volume={116},
   ISSN={1079-7114},
   url={http://dx.doi.org/10.1103/PhysRevLett.116.062001},
   DOI={10.1103/physrevlett.116.062001},
   number={6},
   journal={Physical Review Letters},
   publisher={American Physical Society (APS)},
   author={Gehrmann, T. and Henn, J. M. and Lo Presti, N. A.},
   year={2016},
   month={Feb},
   eprint={1511.05409},
   archivePrefix={arXiv},
   primaryClass={hep-ph}
}

@article{1994,
   title={Dimensionally-regulated pentagon integrals},
   volume={412},
   ISSN={0550-3213},
   url={http://dx.doi.org/10.1016/0550-3213(94)90398-0},
   DOI={10.1016/0550-3213(94)90398-0},
   number={3},
   journal={Nuclear Physics B},
   publisher={Elsevier BV},
   author={Bern, Zvi and Dixon, Lance and Kosower, David A.},
   year={1994},
   month={Jan},
   pages={751–816},
   eprint={hep-ph/9306240},
   archivePrefix={arXiv}
}

@article{Bern_1993,
	doi = {10.1016/0370-2693(93)90400-c},
	url = {https://doi.org/10.1016%2F0370-2693%2893%2990400-c},
	year = 1993,
	month = {mar},
	publisher = {Elsevier {BV}
},
	volume = {302},  
	number = {2-3},  
	pages = {299--308},
	author = {Zvi Bern and Lance Dixon and David A. Kosower},
	title = {Dimensionally regulated one-loop integrals},
	journal = {Physics Letters B}
}

@article{Kleiss:1988ne,
    author = "Kleiss, Ronald and Kuijf, Hans",
    title = "{Multi - Gluon Cross-sections and Five Jet Production at Hadron Colliders}",
    reportNumber = "Print-88-0425 (LEIDEN)",
    doi = "10.1016/0550-3213(89)90574-9",
    journal = "Nucl. Phys. B",
    volume = "312",
    pages = "616--644",
    year = "1989"
}

@article{Bern:1990ux,
    author = "Bern, Zvi and Kosower, David A.",
    title = "{Color decomposition of one loop amplitudes in gauge theories}",
    reportNumber = "FERMILAB-PUB-90-115-T, PITT-90-23, LA-UR-91-2548",
    doi = "10.1016/0550-3213(91)90567-H",
    journal = "Nucl. Phys. B",
    volume = "362",
    pages = "389--448",
    year = "1991"
}

@article{Mangano:1988kk,
    author = "Mangano, Michelangelo L.",
    title = "{The Color Structure of Gluon Emission}",
    reportNumber = "FERMILAB-PUB-88-035-T",
    doi = "10.1016/0550-3213(88)90453-1",
    journal = "Nucl. Phys. B",
    volume = "309",
    pages = "461--475",
    year = "1988"
}

@article{Mangano_1991,
	doi = {10.1016/0370-1573(91)90091-y},  
	url = {https://doi.org/10.1016%2F0370-1573%2891%2990091-y},
	year = 1991,
	month = {feb},  
	publisher = {Elsevier {BV}
},
	volume = {200},  
	number = {6},  
	pages = {301--367},
	author = {Michelangelo L. Mangano and Stephen J. Parke},
	title = {Multi-parton amplitudes in gauge theories},
	journal = {Physics Reports}
}

@inproceedings{Dixon:2013uaa,
    author = "Dixon, Lance J.",
    title = "{A brief introduction to modern amplitude methods}",
    booktitle = "{Theoretical Advanced Study Institute in Elementary Particle Physics}: {Particle Physics: The Higgs Boson and Beyond}",
    eprint = "1310.5353",
    archivePrefix = "arXiv",
    primaryClass = "hep-ph",
    reportNumber = "SLAC-PUB-15775",
    doi = "10.5170/CERN-2014-008.31",
    pages = "31--67",
    year = "2014"
}

@inproceedings{Dixon:1996wi,
    author = "Dixon, Lance J.",
    title = "{Calculating scattering amplitudes efficiently}",
    booktitle = "{Theoretical Advanced Study Institute in Elementary Particle Physics (TASI 95): QCD and Beyond}",
    eprint = "hep-ph/9601359",
    archivePrefix = "arXiv",
    reportNumber = "SLAC-PUB-7106",
    pages = "539--584",
    month = "1",
    year = "1996"
}

@book{Henn:2014yza,
    author = "Henn, Johannes M. and Plefka, Jan C.",
    title = "{Scattering Amplitudes in Gauge Theories}",
    doi = "10.1007/978-3-642-54022-6",
    isbn = "978-3-642-54021-9",
    publisher = "Springer",
    address = "Berlin",
    volume = "883",
    year = "2014"
}

@misc{BadgerNotes,
  author        = {Badger, Simon D.},
  title         = {Lecture notes (Introduction to on-shell amplitudes)},
  year          = {2021},
  publisher={Università degli Studi di Torino}
}

@article{Arkani-Hamed:2017jhn,
    author = "Arkani-Hamed, Nima and Huang, Tzu-Chen and Huang, Yu-tin",
    title = "{Scattering amplitudes for all masses and spins}",
    eprint = "1709.04891",
    archivePrefix = "arXiv",
    primaryClass = "hep-th",
    reportNumber = "NCTS-TH/1714, NCTS-TH-1714",
    doi = "10.1007/JHEP11(2021)070",
    journal = "JHEP",
    volume = "11",
    pages = "070",
    year = "2021"
}

@article{Caravaglios_1999,
	doi = {10.1016/s0550-3213(98)00739-1},
  
	url = {https://doi.org/10.1016%2Fs0550-3213%2898%2900739-1},
  
	year = 1999,
	month = {jan},
  
	publisher = {Elsevier {BV}},
  
	volume = {539},
  
	number = {1-2},
  
	pages = {215--232},
  
	author = {F. Caravaglios and M.L. Mangano and M. Moretti and R. Pittau},
  
	title = {A new approach to multi-jet calculations in hadron collisions},
  
	journal = {Nuclear Physics B}
}

@article{Badger:2016uuq,
    author = "Badger, Simon",
    editor = "Salinas, Luis and Torres, Claudio",
    title = "{Automating QCD amplitudes with on-shell methods}",
    eprint = "1605.02172",
    archivePrefix = "arXiv",
    primaryClass = "hep-ph",
    doi = "10.1088/1742-6596/762/1/012057",
    journal = "J. Phys. Conf. Ser.",
    volume = "762",
    number = "1",
    pages = "012057",
    year = "2016"
}

@article{Britto:2004ap,
    author = "Britto, Ruth and Cachazo, Freddy and Feng, Bo",
    title = "{New recursion relations for tree amplitudes of gluons}",
    eprint = "hep-th/0412308",
    archivePrefix = "arXiv",
    doi = "10.1016/j.nuclphysb.2005.02.030",
    journal = "Nucl. Phys. B",
    volume = "715",
    pages = "499--522",
    year = "2005"
}

@article{Britto:2005fq,
    author = "Britto, Ruth and Cachazo, Freddy and Feng, Bo and Witten, Edward",
    title = "{Direct proof of tree-level recursion relation in Yang-Mills theory}",
    eprint = "hep-th/0501052",
    archivePrefix = "arXiv",
    doi = "10.1103/PhysRevLett.94.181602",
    journal = "Phys. Rev. Lett.",
    volume = "94",
    pages = "181602",
    year = "2005"
}

@article{Berends:1987me,
    author = "Berends, Frits A. and Giele, W. T.",
    title = "{Recursive Calculations for Processes with n Gluons}",
    reportNumber = "Print-88-0100 (LEIDEN)",
    doi = "10.1016/0550-3213(88)90442-7",
    journal = "Nucl. Phys. B",
    volume = "306",
    pages = "759--808",
    year = "1988"
}

@article{Berends:1989hf,
    author = "Berends, Frits A. and Giele, W. T. and Kuijf, H.",
    title = "{Exact and Approximate Expressions for Multi - Gluon Scattering}",
    reportNumber = "Print-89-0578 (LEIDEN)",
    doi = "10.1016/0550-3213(90)90225-3",
    journal = "Nucl. Phys. B",
    volume = "333",
    pages = "120--159",
    year = "1990"
}

@article{Parke:1986gb,
    author = "Parke, Stephen J. and Taylor, T. R.",
    title = "{An Amplitude for $n$ Gluon Scattering}",
    reportNumber = "FERMILAB-PUB-86-042-T",
    doi = "10.1103/PhysRevLett.56.2459",
    journal = "Phys. Rev. Lett.",
    volume = "56",
    pages = "2459",
    year = "1986"
}

@article{Badger:2021ega,
    author = "Badger, Simon and Hartanto, Heribertus Bayu and Kry\'s, Jakub and Zoia, Simone",
    title = "{Two-loop leading-colour QCD helicity amplitudes for Higgs boson production in association with a bottom-quark pair at the LHC}",
    eprint = "2107.14733",
    archivePrefix = "arXiv",
    primaryClass = "hep-ph",
    reportNumber = "CAVENDISH-HEP-21/11",
    doi = "10.1007/JHEP11(2021)012",
    journal = "JHEP",
    volume = "11",
    pages = "012",
    year = "2021"
}

@article{Catani:1998bh,
    author = "Catani, Stefano",
    title = "{The Singular behavior of QCD amplitudes at two loop order}",
    eprint = "hep-ph/9802439",
    archivePrefix = "arXiv",
    reportNumber = "CERN-TH-98-42, LPTHE-ORSAY-97-57",
    doi = "10.1016/S0370-2693(98)00332-3",
    journal = "Phys. Lett. B",
    volume = "427",
    pages = "161--171",
    year = "1998"
}

@article{Lee:1964is,
    author = "Lee, T. D. and Nauenberg, M.",
    editor = "Feinberg, G.",
    title = "{Degenerate Systems and Mass Singularities}",
    doi = "10.1103/PhysRev.133.B1549",
    journal = "Phys. Rev.",
    volume = "133",
    pages = "B1549--B1562",
    year = "1964"
}

@article{Kinoshita:1962ur,
    author = "Kinoshita, T.",
    title = "{Mass singularities of Feynman amplitudes}",
    doi = "10.1063/1.1724268",
    journal = "J. Math. Phys.",
    volume = "3",
    pages = "650--677",
    year = "1962"
}

@article{Bern_1994,
	doi = {10.1016/0550-3213(94)90179-1},
  
	url = {https://doi.org/10.1016%2F0550-3213%2894%2990179-1},
  
	year = 1994,
	month = {aug},
  
	publisher = {Elsevier {BV}
},
  
	volume = {425},
  
	number = {1-2},
  
	pages = {217--260},
  
	author = {Zvi Bern and Lance Dixon and David C. Dunbar and David A. Kosower},
  
	title = {One-loop n-point gauge theory amplitudes, unitarity and collinear limits},
  
	journal = {Nuclear Physics B}
}

@article{Chetyrkin:1997iv,
    author = "Chetyrkin, K. G. and Kniehl, Bernd A. and Steinhauser, M.",
    title = "{Hadronic Higgs decay to order alpha-s**4}",
    eprint = "hep-ph/9705240",
    archivePrefix = "arXiv",
    reportNumber = "MPI-PHT-97-006",
    doi = "10.1103/PhysRevLett.79.353",
    journal = "Phys. Rev. Lett.",
    volume = "79",
    pages = "353--356",
    year = "1997"
}

@article{Dixon_2004,
	doi = {10.1088/1126-6708/2004/12/015},
  
	url = {https://doi.org/10.1088%2F1126-6708%2F2004%2F12%2F015},
  
	year = 2004,
	month = {dec},
  
	publisher = {Springer Science and Business Media {LLC}
},
  
	volume = {2004},
  
	number = {12},
  
	pages = {015--015},
  
	author = {Lance J Dixon and E. W. N Glover and Valentin V Khoze},
  
	title = {{MHV} Rules for Higgs Plus Multi-Gluon Amplitudes},
  
	journal = {Journal of High Energy Physics}
}

@article{Berger:2006sh,
    author = "Berger, Carola F. and Del Duca, Vittorio and Dixon, Lance J.",
    title = "{Recursive Construction of Higgs-Plus-Multiparton Loop Amplitudes: The Last of the Phi-nite Loop Amplitudes}",
    eprint = "hep-ph/0608180",
    archivePrefix = "arXiv",
    reportNumber = "SLAC-PUB-12054",
    doi = "10.1103/PhysRevD.76.099901",
    journal = "Phys. Rev. D",
    volume = "74",
    pages = "094021",
    year = "2006"
}

@article{Bern_2005,
	doi = {10.1103/physrevd.71.105013},
  
	url = {https://doi.org/10.1103%2Fphysrevd.71.105013},
  
	year = 2005,
	month = {may},
  
	publisher = {American Physical Society ({APS})},
  
	volume = {71},
  
	number = {10},
  
	author = {Zvi Bern and Lance J. Dixon and David A. Kosower},
  
	title = {On-shell recurrence relations for one-loop {QCD} amplitudes},
  
	journal = {Physical Review D}
}

@article{Badger_2006,
	doi = {10.1016/j.nuclphysbps.2006.09.030},
  
	url = {https://doi.org/10.1016%2Fj.nuclphysbps.2006.09.030},
  
	year = 2006,
	month = {oct},
  
	publisher = {Elsevier {BV}
},
  
	volume = {160},
  
	pages = {71--75},
  
	author = {S.D. Badger and E.W.N. Glover},
  
	title = {One-loop helicity amplitudes for H $\rightarrow$ gluons: the all-minus configuration},
  
	journal = {Nuclear Physics B - Proceedings Supplements}
}

@book{Blumenhagen:2013fgp,
    author = {Blumenhagen, Ralph and L\"ust, Dieter and Theisen, Stefan},
    title = "{Basic concepts of string theory}",
    doi = "10.1007/978-3-642-29497-6",
    isbn = "978-3-642-29496-9",
    publisher = "Springer",
    address = "Heidelberg, Germany",
    series = "Theoretical and Mathematical Physics",
    year = "2013"
}

@inproceedings{Britto:2021tez,
    author = "Britto, Ruth and Jehu, Guy R. and Orta, Andrea",
    title = "{Proving the dimension-shift conjecture}",
    booktitle = "{15th International Symposium on Radiative Corrections: Applications of Quantum Field Theory to Phenomenology AND LoopFest XIX: Workshop on Radiative Corrections for the LHC and Future Colliders}",
    eprint = "2110.15227",
    archivePrefix = "arXiv",
    primaryClass = "hep-th",
    month = "10",
    year = "2021"
}

@article{Badger_2005,
	doi = {10.1088/1126-6708/2005/07/025},
  
	url = {https://doi.org/10.1088%2F1126-6708%2F2005%2F07%2F025},
  
	year = 2005,
	month = {jul},
  
	publisher = {Springer Science and Business Media {LLC}
},
  
	volume = {2005},
  
	number = {07},
  
	pages = {025--025},
  
	author = {Simon D Badger and E.W. Nigel Glover and Valentin V Khoze and Peter Svrcek},
  
	title = {Recursion relations for gauge theory amplitudes with massive particles},
  
	journal = {Journal of High Energy Physics}
}

@article{Bern_1996,
	doi = {10.1016/0550-3213(96)00078-8},
  
	url = {https://doi.org/10.1016%2F0550-3213%2896%2900078-8},
  
	year = 1996,
	month = {may},
  
	publisher = {Elsevier {BV}
},
  
	volume = {467},
  
	number = {3},
  
	pages = {479--509},
  
	author = {Z. Bern and A.G. Morgan},
  
	title = {Massive loop amplitudes from unitarity},
  
	journal = {Nuclear Physics B}
}

@article{Brandhuber_2005,
	doi = {10.1088/1126-6708/2005/10/011},
  
	url = {https://doi.org/10.1088%2F1126-6708%2F2005%2F10%2F011},
  
	year = 2005,
	month = {oct},
  
	publisher = {Springer Science and Business Media {LLC}
},
  
	volume = {2005},
  
	number = {10},
  
	pages = {011--011},
  
	author = {Andreas Brandhuber and Simon McNamara and Bill Spence and Gabriele Travaglini},
  
	title = {Loop amplitudes in pure Yang-Mills from generalised unitarity},
  
	journal = {Journal of High Energy Physics}
}

@article{PhysRevD.101.016009,
  title = {Color dressed unitarity and recursion for Yang-Mills two-loop all-plus amplitudes},
  author = {Dunbar, David C. and Godwin, John H. and Perkins, Warren B. and Strong, Joseph M. W.},
  journal = {Phys. Rev. D},
  volume = {101},
  issue = {1},
  pages = {016009},
  numpages = {15},
  year = {2020},
  month = {Jan},
  publisher = {American Physical Society},
  doi = {10.1103/PhysRevD.101.016009},
  url = {https://link.aps.org/doi/10.1103/PhysRevD.101.016009}
}

@article{Dalgleish_2020,
	doi = {10.1103/physrevd.101.076024},
  
	url = {https://doi.org/10.1103%2Fphysrevd.101.076024},
  
	year = 2020,
	month = {apr},
  
	publisher = {American Physical Society ({APS})},
  
	volume = {101},
  
	number = {7},
  
	author = {Adam R. Dalgleish and David C. Dunbar and Warren B. Perkins and Joseph M.{\hspace{0.167em}
}W. Strong},
  
	title = {Full color two-loop six-gluon all-plus helicity amplitude},
  
	journal = {Physical Review D}
}

@article{PhysRevD.101.076001,
  title = {$n$-point QCD two-loop amplitude},
  author = {Dunbar, David C. and Perkins, Warren B. and Strong, Joseph M. W.},
  journal = {Phys. Rev. D},
  volume = {101},
  issue = {7},
  pages = {076001},
  numpages = {10},
  year = {2020},
  month = {Apr},
  publisher = {American Physical Society},
  doi = {10.1103/PhysRevD.101.076001},
  url = {https://link.aps.org/doi/10.1103/PhysRevD.101.076001}
}

@article{Cheung_2009,
	doi = {10.1088/1126-6708/2009/07/075},
  
	url = {https://doi.org/10.1088%2F1126-6708%2F2009%2F07%2F075},
  
	year = 2009,
	month = {jul},
  
	publisher = {Springer Science and Business Media {LLC}
},
  
	volume = {2009},
  
	number = {07},
  
	pages = {075--075},
  
	author = {Clifford Cheung and Donal O{\textquotesingle}Connell},
  
	title = {Amplitudes and spinor-helicity in six dimensions},
  
	journal = {Journal of High Energy Physics}
}

@article{Zhang_2012,
	doi = {10.1007/jhep09(2012)042},
  
	url = {https://doi.org/10.1007%2Fjhep09%282012%29042},
  
	year = 2012,
	month = {sep},
  
	publisher = {Springer Science and Business Media {LLC}
},
  
	volume = {2012},
  
	number = {9},
  
	author = {Yang Zhang},
  
	title = {Integrand-level reduction of loop amplitudes by computational algebraic geometry methods},
  
	journal = {Journal of High Energy Physics}
}

@article{Dunbar_2016,
	doi = {10.1103/physrevd.93.085029},
  
	url = {https://doi.org/10.1103%2Fphysrevd.93.085029},
  
	year = 2016,
	month = {apr},
  
	publisher = {American Physical Society ({APS})},
  
	volume = {93},
  
	number = {8},
  
	author = {David C. Dunbar and Warren B. Perkins},
  
	title = {Two-loop five-point all-plus helicity Yang-Mills amplitude},
  
	journal = {Physical Review D}
}

@inproceedings{Vaman_2008,
	doi = {10.1142/9789812838667_0004},
  
	url = {https://doi.org/10.1142%2F9789812838667_0004},
  
	year = 2008,
	month = {dec},
  
	publisher = {{WORLD} {SCIENTIFIC}
},
  
	author = {Diana Vaman and York-Peng Yao},
  
	title = {The Space-Cone Gauge, Lorentz Invariance and On-Shell Recursion for One-Loop Yang-Mills amplitudes},
  
	booktitle = {Continuous Advances in {QCD} 2008}
}

@article{Peraro_2019,
	doi = {10.1007/jhep07(2019)031},
  
	url = {https://doi.org/10.1007%2Fjhep07%282019%29031},
  
	year = 2019,
	month = {jul},
  
	publisher = {Springer Science and Business Media {LLC}
},
  
	volume = {2019},
  
	number = {7},
  
	author = {Tiziano Peraro},
  
	title = {{FiniteFlow}: multivariate functional reconstruction using finite fields and dataflow graphs},
  
	journal = {Journal of High Energy Physics}
}

@article{Peraro_2016,
	doi = {10.1007/jhep12(2016)030},
  
	url = {https://doi.org/10.1007%2Fjhep12%282016%29030},
  
	year = 2016,
	month = {dec},
  
	publisher = {Springer Science and Business Media {LLC}
},
  
	volume = {2016},
  
	number = {12},
  
	author = {Tiziano Peraro},
  
	title = {Scattering amplitudes over finite fields and multivariate functional reconstruction},
  
	journal = {Journal of High Energy Physics}
}

@article{Badger:2021nhg,
    author = "Badger, Simon and Hartanto, Heribertus Bayu and Zoia, Simone",
    title = "{Two-Loop QCD Corrections to Wbb\textasciimacron{} Production at Hadron Colliders}",
    eprint = "2102.02516",
    archivePrefix = "arXiv",
    primaryClass = "hep-ph",
    reportNumber = "CAVENDISH-HEP-21/01",
    doi = "10.1103/PhysRevLett.127.012001",
    journal = "Phys. Rev. Lett.",
    volume = "127",
    number = "1",
    pages = "012001",
    year = "2021"
}

@article{Ellis_2008,
	doi = {10.1088/1126-6708/2008/02/002},
  
	url = {https://doi.org/10.1088%2F1126-6708%2F2008%2F02%2F002},
  
	year = 2008,
	month = {feb},
  
	publisher = {Springer Science and Business Media {LLC}
},
  
	volume = {2008},
  
	number = {02},
  
	pages = {002--002},
  
	author = {R. Keith Ellis and Giulia Zanderighi},
  
	title = {Scalar one-loop integrals for {QCD}},
  
	journal = {Journal of High Energy Physics}
}

@article{Anastasiou:2018rib,
    author = "Anastasiou, Charalampos and Sterman, George",
    title = "{Removing infrared divergences from two-loop integrals}",
    eprint = "1812.03753",
    archivePrefix = "arXiv",
    primaryClass = "hep-ph",
    doi = "10.1007/JHEP07(2019)056",
    journal = "JHEP",
    volume = "07",
    pages = "056",
    year = "2019"
}

@article{Karplus:1950zz,
    author = "Karplus, Robert and Neuman, Maurice",
    title = "{The scattering of light by light}",
    doi = "10.1103/PhysRev.83.776",
    journal = "Phys. Rev.",
    volume = "83",
    pages = "776--784",
    year = "1951"
}

@article{Bern_1999,
	doi = {10.1103/physrevd.60.116001},
  
	url = {https://doi.org/10.1103%2Fphysrevd.60.116001},
  
	year = 1999,
	month = {oct},
  
	publisher = {American Physical Society ({APS})},
  
	volume = {60},
  
	number = {11},
  
	author = {Zvi Bern and Vittorio Del Duca and William B. Kilgore and Carl R. Schmidt},
  
	title = {Infrared behavior of one-loop {QCD} amplitudes at next-to-next-to-leading order},
  
	journal = {Physical Review D}
}

@article{Badger_2004,
	doi = {10.1088/1126-6708/2004/07/040},
  
	url = {https://doi.org/10.1088%2F1126-6708%2F2004%2F07%2F040},
  
	year = 2004,
	month = {jul},
  
	publisher = {Springer Science and Business Media {LLC}
},
  
	volume = {2004},
  
	number = {07},
  
	pages = {040--040},
  
	author = {S.D Badger and E.W.N Glover},
  
	title = {Two-loop splitting functions in {QCD}},
  
	journal = {Journal of High Energy Physics}
}

@article{Bern_1995,
	doi = {10.1016/0550-3213(94)00488-z},
  
	url = {https://doi.org/10.1016%2F0550-3213%2894%2900488-z},
  
	year = 1995,
	month = {feb},
  
	publisher = {Elsevier {BV}
},
  
	volume = {435},
  
	number = {1-2},
  
	pages = {59--101},
  
	author = {Zvi Bern and Lance Dixon and David C. Dunbar and David A. Kosower},
  
	title = {Fusing gauge theory tree amplitudes into loop amplitudes},
  
	journal = {Nuclear Physics B}
}

@article{Kosower_1999,
	doi = {10.1016/s0550-3213(99)00251-5},
  
	url = {https://doi.org/10.1016%2Fs0550-3213%2899%2900251-5},
  
	year = 1999,
	month = {jul},
  
	publisher = {Elsevier {BV}
},
  
	volume = {552},
  
	number = {1-2},
  
	pages = {319--336},
  
	author = {David A. Kosower},
  
	title = {All-order collinear behavior in gauge theories},
  
	journal = {Nuclear Physics B}
}

@article{Badger_2007,
	doi = {10.1088/1126-6708/2007/07/066},
  
	url = {https://doi.org/10.1088%2F1126-6708%2F2007%2F07%2F066},
  
	year = 2007,
	month = {jul},
  
	publisher = {Springer Science and Business Media {LLC}
},
  
	volume = {2007},
  
	number = {07},
  
	pages = {066--066},
  
	author = {Simon D Badger and E.W. Nigel Glover and Kasper Risager},
  
	title = {One-loop phi-{MHV} amplitudes using the unitarity bootstrap},
  
	journal = {Journal of High Energy Physics}
}

@article{Bern_Collinear,
	doi = {10.1016/0550-3213(94)90179-1},
  
	url = {https://doi.org/10.1016%2F0550-3213%2894%2990179-1},
  
	year = 1994,
	month = {aug},
  
	publisher = {Elsevier {BV}
},
  
	volume = {425},
  
	number = {1-2},
  
	pages = {217--260},
  
	author = {Zvi Bern and Lance Dixon and David C. Dunbar and David A. Kosower},
  
	title = {One-loop n-point gauge theory amplitudes, unitarity and collinear limits},
  
	journal = {Nuclear Physics B}
}

@article{ATLAS:2012yve,
    author = "Aad, Georges and others",
    collaboration = "ATLAS",
    title = "{Observation of a new particle in the search for the Standard Model Higgs boson with the ATLAS detector at the LHC}",
    eprint = "1207.7214",
    archivePrefix = "arXiv",
    primaryClass = "hep-ex",
    reportNumber = "CERN-PH-EP-2012-218",
    doi = "10.1016/j.physletb.2012.08.020",
    journal = "Phys. Lett. B",
    volume = "716",
    pages = "1--29",
    year = "2012"
}

@article{CMS:2012qbp,
    author = "Chatrchyan, Serguei and others",
    collaboration = "CMS",
    title = "{Observation of a New Boson at a Mass of 125 GeV with the CMS Experiment at the LHC}",
    eprint = "1207.7235",
    archivePrefix = "arXiv",
    primaryClass = "hep-ex",
    reportNumber = "CMS-HIG-12-028, CERN-PH-EP-2012-220",
    doi = "10.1016/j.physletb.2012.08.021",
    journal = "Phys. Lett. B",
    volume = "716",
    pages = "30--61",
    year = "2012"
}

@article{Ball_2017,
	doi = {10.1140/epjc/s10052-017-5199-5},
  
	url = {https://doi.org/10.1140%2Fepjc%2Fs10052-017-5199-5},
  
	year = 2017,
	month = {oct},
  
	publisher = {Springer Science and Business Media {LLC}
},
  
	volume = {77},
  
	number = {10},
  
	author = {Richard D. Ball and Valerio Bertone and Stefano Carrazza and Luigi Del Debbio and Stefano Forte and Patrick Groth-Merrild and Alberto Guffanti and Nathan P. Hartland and Zahari Kassabov and Jos{\'{e}} I. Latorre and Emanuele R. Nocera and Juan Rojo and Luca Rottoli and Emma Slade and Maria Ubiali},
  
	title = {Parton distributions from high-precision collider data},
  
	journal = {The European Physical Journal C}
}

@article{Altarelli:1977zs,
    author = "Altarelli, Guido and Parisi, G.",
    title = "{Asymptotic Freedom in Parton Language}",
    reportNumber = "LPTENS-77-6",
    doi = "10.1016/0550-3213(77)90384-4",
    journal = "Nucl. Phys. B",
    volume = "126",
    pages = "298--318",
    year = "1977"
}

@article{Andersson:1983ia,
    author = "Andersson, Bo and Gustafson, G. and Ingelman, G. and Sjostrand, T.",
    title = "{Parton Fragmentation and String Dynamics}",
    reportNumber = "LU-TP-83-10",
    doi = "10.1016/0370-1573(83)90080-7",
    journal = "Phys. Rept.",
    volume = "97",
    pages = "31--145",
    year = "1983"
}

@article{Chahal:2022rid,
    author = "Chahal, Gurpreet Singh and Krauss, Frank",
    title = "{Cluster Hadronisation in Sherpa}",
    eprint = "2203.11385",
    archivePrefix = "arXiv",
    primaryClass = "hep-ph",
    reportNumber = "IPPP/22/14",
    month = "3",
    year = "2022"
}

@article{Boughezal_2015,
	doi = {10.1103/physrevlett.115.082003},
  
	url = {https://doi.org/10.1103%2Fphysrevlett.115.082003},
  
	year = 2015,
	month = {aug},
  
	publisher = {American Physical Society ({APS})},
  
	volume = {115},
  
	number = {8},
  
	author = {Radja Boughezal and Fabrizio Caola and Kirill Melnikov and Frank Petriello and Markus Schulze},
  
	title = {Higgs Boson Production in Association with a Jet at Next-to-Next-to-Leading Order},
  
	journal = {Physical Review Letters}
}

@article{an_Deurzen_2013,
	doi = {10.1016/j.physletb.2013.02.051},
  
	url = {https://doi.org/10.1016%2Fj.physletb.2013.02.051},
  
	year = 2013,
	month = {apr},
  
	publisher = {Elsevier {BV}
},
  
	volume = {721},
  
	number = {1-3},
  
	pages = {74--81},
  
	author = {H. van Deurzen and N. Greiner and G. Luisoni and P. Mastrolia and E. Mirabella and G. Ossola and T. Peraro and J.F. von Soden-Fraunhofen and F. Tramontano},
  
	title = {{NLO} {QCD} corrections to the production of Higgs plus two jets at the {LHC}},
  
	journal = {Physics Letters B}
}

@article{Anastasiou_2015,
	doi = {10.1103/physrevlett.114.212001},
  
	url = {https://doi.org/10.1103%2Fphysrevlett.114.212001},
  
	year = 2015,
	month = {may},
  
	publisher = {American Physical Society ({APS})},
  
	volume = {114},
  
	number = {21},
  
	author = {Charalampos Anastasiou and Claude Duhr and Falko Dulat and Franz Herzog and Bernhard Mistlberger},
  
	title = {Higgs Boson Gluon-Fusion Production in {QCD} at Three Loops},
  
	journal = {Physical Review Letters}
}

@article{Harlander_2012,
	doi = {10.1007/jhep08(2012)139},
  
	url = {https://doi.org/10.1007%2Fjhep08%282012%29139},
  
	year = 2012,
	month = {aug},
  
	publisher = {Springer Science and Business Media {LLC}
},
  
	volume = {2012},
  
	number = {8},
  
	author = {Robert V. Harlander and Tobias Neumann and Kemal J. Ozeren and Marius Wiesemann},
  
	title = {Top-mass effects in differential Higgs production through gluon fusion at order alpha to the fourth},
  
	journal = {Journal of High Energy Physics}
}

@article{Jones_2018,
	doi = {10.1103/physrevlett.120.162001},
  
	url = {https://doi.org/10.1103%2Fphysrevlett.120.162001},
  
	year = 2018,
	month = {apr},
  
	publisher = {American Physical Society ({APS})},
  
	volume = {120},
  
	number = {16},
  
	author = {S.{\hspace{0.167em}
}P. Jones and M. Kerner and G. Luisoni},
  
	title = {Next-to-Leading-Order {QCD} Corrections to Higgs Boson Plus Jet Production with Full Top-Quark Mass Dependence},
  
	journal = {Physical Review Letters}
}